@ONLINE{W3C:Validation:Online,
	title = {{W3C RDF validation Service  @ONLINE }},
	url = {http://www.w3.org/RDF/Validator/}
}

@ONLINE{W3C:SemanticWebTerm:Online,
	title = {{W3C Semantic Web @ONLINE }},
	url = {https://www.w3.org/standards/semanticweb/}
}

@ONLINE{Mybluemix:Validation:Online,
	title = {{RDF Validator and Converter @ONLINE }},
	url = {http://rdfvalidator.mybluemix.net/}
} 

@ONLINE{IDLab:Validation:Online,
	author     =     {Miel Vander Sande},
	title = {{IDLab Turtle Validator @ONLINE }},
	url = {http://ttl.summerofcode.be/}
} 


@unpublished{Bratt2007,
	title= {{Semantic Web, and Other Technologies to Watch}},
	author = "Bratt, Steve",
	year = "2007",
	note= "World Wide Web Consortium",
	url= "http://www.w3.org/2007/Talks/0130-sb-W3CTechSemWeb"
}

@Inbook{Halilaj2016,
	author="Halilaj, Lavdim
	and Petersen, Niklas
	and Grangel-Gonz{\'a}lez, Irl{\'a}n
	and Lange, Christoph
	and Auer, S{\"o}ren
	and Coskun, G{\"o}khan
	and Lohmann, Steffen",
	editor="Blomqvist, Eva
	and Ciancarini, Paolo
	and Poggi, Francesco
	and Vitali, Fabio",
	title="VoCol: An Integrated Environment to Support Version-Controlled Vocabulary Development",
	bookTitle="Knowledge Engineering and Knowledge Management: 20th International Conference, EKAW 2016, Bologna, Italy, November 19-23, 2016, Proceedings",
	year="2016",
	publisher="Springer International Publishing",
	address="Cham",
	pages="303--319",
	isbn="978-3-319-49004-5",
	doi="10.1007/978-3-319-49004-5_20",
	url={\url{"https://doi.org/10.1007/978-3-319-49004-5_20"}}
}


@article{petersenturtleeditor,
	author={Petersen, Niklas and Coskun, G{\"o}khan and Lange, Christoph},
	title={{TurtleEditor}: An Ontology-Aware Web-Editor for Collaborative Ontology Development}
	
}

@inproceedings{prud2014shape,
	title={Shape expressions: an RDF validation and transformation language},
	author={Prud'hommeaux, Eric and Labra Gayo, Jose Emilio and Solbrig, Harold},
	booktitle={Proceedings of the 10th International Conference on Semantic Systems},
	pages={32--40},
	year={2014},
	organization={ACM}
}


@article{McBride:2002:JSW:613357.613755,
	author = {McBride, Brian},
	title = {Jena: A Semantic Web Toolkit},
	journal = {IEEE Internet Computing},
	issue_date = {November 2002},
	volume = {6},
	number = {6},
	month = nov,
	year = {2002},
	issn = {1089-7801},
	pages = {55--59},
	numpages = {5},
	url = {http://dx.doi.org/10.1109/MIC.2002.1067737},
	doi = {10.1109/MIC.2002.1067737},
	acmid = {613755},
	publisher = {IEEE Educational Activities Department},
	address = {Piscataway, NJ, USA},
} 

@MastersThesis{karsten:Thesis:2000,
	author     =     {Karsten Tolle},
	title     =     {{Analyzing and Parsing RDF}},
	year     =     {2000},
}






@book{Gallant:87,
	AUTHOR =   {Gallant, A. R.},
	TITLE =    {Nonlinear Statistical Models},
	EDITION =  {},
	PUBLISHER =    {John Wiley \& Sons},
	ADDRESS =  {New York},
	YEAR =     {1987}
}

@article{Breusch&Schmidt:88,
	AUTHOR =   {Breusch, T. S. and Schmidt, P.},
	TITLE =    {Alternative Forms of the {W}ald test: How Long is a
	Piece of String},
	JOURNAL =  {Communications in Statistics, Theory and Methods},
	VOLUME =   {17},
	NUMBER =   {},
	PAGES =    {2789--2795},
	YEAR =     {1988}
}



@incollection{BrBrLu:04,
	AUTHOR =   {Breitung, J. and Br\"uggemann, R. and L\"utkepohl,
	H.},
	TITLE =    {Structural Vector Autoregressive Modelling and
	Impulse Responses},
	EDITOR =   {L\"utkepohl, H. and Kr\"atzig, M.},
	BOOKTITLE =    {Applied Time Series Econometrics},
	PUBLISHER =    {Cambridge University Press},
	PAGES =    {},
	ADDRESS =  {},
	YEAR =     {2004}
}

@proceedings{DBLP,
	editor =   {Ronald F. Boisvert and Ping Tak Peter Tang},
	title =    {{The Architecture of Scientific Software, IFIP
	TC2/WG2.5 Working Conference on the Architecture of
	Scientific Software, October 2-4, 2000, Ottawa,
	Canada}},
	booktitle =    {The Architecture of Scientific Software},
	publisher =    {Kluwer},
	series =   {IFIP Conference Proceedings},
	volume =   {188},
	year =     {2001},
	isbn =     {0-7923-7339-1},
}

@inproceedings{aik:73,
	AUTHOR =   {Akaike, H.},
	TITLE =    {Information theory and an extension of the maximum
	likelihood principle},
	EDITOR =   {Petrov, B.N. and Cs\'aki, F.},
	BOOKTITLE =    {2nd International Symposium on Information Theory},
	PUBLISHER =    {Acad\'emiai Kiad\'o},
	ADDRESS =  {Budapest},
	PAGES =    {267--281},
	YEAR =     {1973}
}

@unpublished{EWD:EWD268,
	author =   "Edsger W. Dijkstra",
	title =    "Structured programming",
	month =    aug,
	year =     "1969",
	note =     "circulated privately",
	url =
	"http://www.cs.utexas.edu/users/EWD/ewd02xx/EWD268.PDF",
}


@manual{IEEE:1471,
	AUTHOR =   {IEEE},
	title =    {IEEE Std 1471 Recommended Practice for Architectural
	Description},
	organization = {{IEEE}},
	year =     {2000},
}


@report{W3C:Report,
	AUTHOR =   { Arnaud Le Hors and Harold Solbrig and  Eric Prud'hommeaux},
	TITLE =    { Rdf validation workshop report:
	Practical assurances for quality rdf data},
	INSTITUTION =  {W3C},
	MONTH =    {December},
	YEAR =     {2012},
	url =       { http:
	//www.w3.org/2012/12/rdf-val/report}
}

%Hors, A.L., Solbrig, H., Prud'hommeaux, E.: Rdf validation workshop report:
%Practical assurances for quality rdf data. Report, W3C (December 2012) http:
%//www.w3.org/2012/12/rdf-val/report.

@misc{Sun:beans,
	AUTHOR =   {\mbox{Sun Microsystems}},
	TITLE =    {{JAVA Beans API Specification}},
	url =       {http://java.sun.com/products/javabeans},
	YEAR =     {1.01-1997},
}




@phdthesis{Benkwitz:02,
	AUTHOR =   {Benkwitz, A.},
	TITLE =    {{The Software JMulTi: Concept, Development and
	Application in VAR Analysis}},
	school =   {Humboldt-Universitï¿½t zu Berlin},
	type =     {Dissertation},
	YEAR =     {2002}
}
