@ONLINE{W3C:Validation:Online,
title = {{W3C, RDF validation Service  @ONLINE }},
url = {http://www.w3.org/RDF/Validator/}
}

@ONLINE{Mybluemix:Validation:Online,
title = {{RDF Validator and Converter @ONLINE }},
url = {http://rdfvalidator.mybluemix.net/}
} 

@ONLINE{W3C:SemanticStack:Online,
title = {{W3C, The Web of Things @ONLINE }},
url = {https://www.w3.org/2015/11/05-wot-dsr.pdf}
} 

@ONLINE{IDLab:Validation:Online,
 author     =     {Miel Vander Sande},
title = {{IDLab Turtle Validator @ONLINE }},
url = {http://ttl.summerofcode.be/}
} 

@Inbook{Halilaj2016,
author="Halilaj, Lavdim
and Petersen, Niklas
and Grangel-Gonz{\'a}lez, Irl{\'a}n
and Lange, Christoph
and Auer, S{\"o}ren
and Coskun, G{\"o}khan
and Lohmann, Steffen",
editor="Blomqvist, Eva
and Ciancarini, Paolo
and Poggi, Francesco
and Vitali, Fabio",
title="VoCol: An Integrated Environment to Support Version-Controlled Vocabulary Development",
bookTitle="Knowledge Engineering and Knowledge Management: 20th International Conference, EKAW 2016, Bologna, Italy, November 19-23, 2016, Proceedings",
year="2016",
publisher="Springer International Publishing",
address="Cham",
pages="303--319",
isbn="978-3-319-49004-5",
doi="10.1007/978-3-319-49004-5_20",
url="https://doi.org/10.1007/978-3-319-49004-5_20"
}


@article{petersenturtleeditor,
  author={Petersen, Niklas and Coskun, G{\"o}khan and Lange, Christoph},
  title={{TurtleEditor}: An Ontology-Aware Web-Editor for Collaborative Ontology Development}

}

@inproceedings{prud2014shape,
  title={Shape expressions: an RDF validation and transformation language},
  author={Prud'hommeaux, Eric and Labra Gayo, Jose Emilio and Solbrig, Harold},
  booktitle={Proceedings of the 10th International Conference on Semantic Systems},
  pages={32--40},
  year={2014},
  organization={ACM}
}


@article{McBride:2002:JSW:613357.613755,
 author = {McBride, Brian},
 title = {Jena: A Semantic Web Toolkit},
 journal = {IEEE Internet Computing},
 issue_date = {November 2002},
 volume = {6},
 number = {6},
 month = nov,
 year = {2002},
 issn = {1089-7801},
 pages = {55--59},
 numpages = {5},
 url = {http://dx.doi.org/10.1109/MIC.2002.1067737},
 doi = {10.1109/MIC.2002.1067737},
 acmid = {613755},
 publisher = {IEEE Educational Activities Department},
 address = {Piscataway, NJ, USA},
} 

@MastersThesis{karsten:Thesis:2000,
    author     =     {Karsten Tolle},
    title     =     {{Analyzing and Parsing RDF}},
    year     =     {2000},
    }



@report{W3C:Report,
  AUTHOR =   { Arnaud Le Hors and Harold Solbrig and  Eric Prud'hommeaux},
  TITLE =    { Rdf validation workshop report:
Practical assurances for quality rdf data},
  INSTITUTION =  {W3C},
  MONTH =    {December},
  YEAR =     {2012},
  url =       { http:
//www.w3.org/2012/12/rdf-val/report}
}

%Hors, A.L., Solbrig, H., Prud'hommeaux, E.: Rdf validation workshop report:
%Practical assurances for quality rdf data. Report, W3C (December 2012) http:
%//www.w3.org/2012/12/rdf-val/report.



